@article{fama1997,
  title={Industry costs of equity},
  author={Fama, Eugene F and French, Kenneth R},
  journal={Journal of financial economics},
  volume={43},
  number={2},
  pages={153--193},
  year={1997},
  publisher={Elsevier}
}


@article{grinold2000,
  title={Active portfolio management},
  author={Grinold, Richard C and Kahn, Ronald N},
  year={2000},
  publisher={McGraw Hill New York, NY}
}


  @Manual{Texevier,
    title = {{Texevier}: {P}ackage to create Elsevier templates for Rmarkdown},
    author = {N.F. Katzke},
    organization = {Bureau for Economic Research},
    address = {Stellenbosch, South Africa},
    note = {version 0.1.2},
    year = {2017},
  }

@inproceedings{ho2004analysis,
  title={An analysis of the sectoral indices of Tokyo Stock Exchange: A multivariate GARCH approach with time varying correlations},
  author={Ho, Kin-Yip and Tsui, Albert KC},
  booktitle={Stochastic Finance, Autumn School and International Conference},
  year={2004}
}

@article{evans2017time,
  title={Time-varying correlations and interrelations: Firm-level-based sector evidence},
  author={Evans, Pornsawan and McMillan, David G and McMillan, Fiona J},
  journal={Journal of Asset Management},
  volume={18},
  pages={209--221},
  year={2017},
  publisher={Springer}
}

@article{fakhfekh2021hedging,
  title={Hedging stock market prices with WTI, Gold, VIX and cryptocurrencies: a comparison between DCC, ADCC and GO-GARCH models},
  author={Fakhfekh, Mohamed and Jeribi, Ahmed and Ghorbel, Ahmed and Hachicha, Nejib},
  journal={International Journal of Emerging Markets},
  number={ahead-of-print},
  year={2021},
  publisher={Emerald Publishing Limited}
}


@article{katzke2013south,
  title={South African Sector Return Correlations: using DCC and ADCC Multivariate GARCH techniques to uncover the underlying dynamics},
  author={Katzke, Niko and others},
  journal={South African Sector Return Correlations: using DCC and ADCC Multivariate GARCH techniques to uncover the underlying dynamics},
  pages={10--17},
  year={2013}
}

@article{ali2022modelling,
  title={Modelling the joint dynamics of financial assets using MGARCH family models: Insights into hedging and diversification strategies},
  author={Ali, Sajid and Raza, Naveed and Vo, Xuan Vinh and Le, Van},
  journal={Resources Policy},
  volume={78},
  pages={102861},
  year={2022},
  publisher={Elsevier}
}

@article{anderson2021time,
  title={Time-varying correlations of REITs and implications for portfolio management},
  author={Anderson, Jackson and Anderson, Randy and Guirguis, Hany S and Proppe, Spencer and Seiler, Michael J},
  journal={Journal of Real Estate Research},
  volume={43},
  number={3},
  pages={317--334},
  year={2021},
  publisher={Taylor \& Francis}
}

@article{lee2020time,
  title={Time varying integration of European stock markets and monetary drivers},
  author={Lee, Hyunchul and Kim, Heeho},
  journal={Journal of Empirical Finance},
  volume={58},
  pages={369--385},
  year={2020},
  publisher={Elsevier}
}

@techreport{boswijk2006wake,
  title={Wake me up before you GO-GARCH},
  author={Boswijk, H Peter and van der Weide, Roy},
  year={2006},
  institution={Tinbergen Institute Discussion Paper}
}

@online{jse_website,
    title = {The All Share Index (J203)},
    author = {JSE},
    year = {2024},
    url = {https://www.jse.co.za/all-share-j203},
    note = {Accessed: 13 January 2024}
}

@book{tsay2013,
  title={Multivariate time series analysis: with R and financial applications},
  author={Tsay, Ruey S},
  year={2013},
  publisher={John Wiley \& Sons}
}
